@Article{Ande73,
  author       = "L. G. Anderson",
  title        = "A Simulation Study of some Dynamic Channel Assignment Algorithms in a High Capacity Mobile Telecommunications System",
  journal      = "IEEE Transactions on Communications",
  volume       = "21",
  pages        = "1294--1301",
  year         = "1973"
}

