/home/haroldo/Documentos/bibInputs/library.bib